11200000         111222333444   000000000000001360150987650000000123456 FULANO DE TAL DOS ANZOIS E TALUNICRED MATO GROSSO                     208042013112245000001060                                                                          
11200021E0440032 111222333444   000000000000001360150987650000000123456 FULANO DE TAL DOS ANZOIS E TAL                                        01032013000000000001084871CFBRL000001                                                             
1120002300000E   111222333444   000000000000001360150987650000000123456 FULANO DE TAL DOS ANZOIS E TAL         0111298765            N0703201307032013000000000000020000D1010010CHQ COMPENSADO           000000000033                           
1120002300000E   111222333444   000000000000001360150987650000000123456 FULANO DE TAL DOS ANZOIS E TAL         0111298765            N1103201311032013000000000000040000D1200186DEBITO DOC               CAMARADA CAM                           
1120002300000E   111222333444   000000000000001360150987650000000123456 FULANO DE TAL DOS ANZOIS E TAL         0111298765            N1103201311032013000000000000001100D1050069TAR REMESSA DE DOC       016600000883                           
1120002300000E   111222333444   000000000000001360150987650000000123456 FULANO DE TAL DOS ANZOIS E TAL         0111298765            N1103201311032013000000000000017886D1040019DEBITO CORR. BANCARIO    CONTA   2013                           
1120002300000E   111222333444   000000000000001360150987650000000123456 FULANO DE TAL DOS ANZOIS E TAL         0111298765            N1103201311032013000000000000062619D1040019DEBITO CORR. BANCARIO    CONTA 013 03                           
1120002300000E   111222333444   000000000000001360150987650000000123456 FULANO DE TAL DOS ANZOIS E TAL         0111298765            N1103201311032013000000000000014136D1040021PAGTO DE TITULOS         CONTA2013 03                           
1120002300000E   111222333444   000000000000001360150987650000000123456 FULANO DE TAL DOS ANZOIS E TAL         0111298765            S1103201311032013000000000000004200D1170150INTEGRALIZACAO DE CAPITAL099200001435                           
1120002300000E   111222333444   000000000000001360150987650000000123456 FULANO DE TAL DOS ANZOIS E TAL         0111298765            N2103201321032013000000000000022100D1010010CHQ COMPENSADO           000000000034                           
1120002300000E   111222333444   000000000000001360150987650000000123456 FULANO DE TAL DOS ANZOIS E TAL         0111298765            N2503201325032013000000000000000115D1040090SEGURO PRESTAMISTA       14420                                  
1120002300001E   111222333444   000000000000001360150987650000000123456 FULANO DE TAL DOS ANZOIS E TAL         0111298765            N2803201328032013000000000000017632D1170089DEBITO TRANSFER          ALA BALA LAL                           
1120002300001E   111222333444   000000000000001360150987650000000123456 FULANO DE TAL DOS ANZOIS E TAL         0111298765            S2803201328032013000000000000597569C2170882CREDITO PRODUCAO         LAL ALAB ALA                           
11200025         111222333444   000000000000001360150987650000000123456                 00000000000000000000000000000000000500000000000000000031032013000000000001482652CF000013000000000000000000000000000000000000                            
11299999         000002000015000002                                                                                                                                                                                                             